<record><leader>00000cas a22000007a 4500</leader><controlfield tag="001">15194512</controlfield><controlfield tag="008">870213d19391971msuwr ne      0    0eng d</controlfield><datafield ind1=" " ind2=" " tag="010"><subfield code="a">sn 87065151 </subfield></datafield><datafield ind1=" " ind2=" " tag="040"><subfield code="a">MJA</subfield><subfield code="b">eng</subfield><subfield code="c">MJA</subfield><subfield code="d">MSJ</subfield><subfield code="d">DLC</subfield><subfield code="d">OCLCG</subfield><subfield code="d">OCLCA</subfield></datafield><datafield ind1=" " ind2=" " tag="042"><subfield code="a">msc</subfield></datafield><datafield ind1="0" ind2="4" tag="245"><subfield code="a">The Dixie guide.</subfield></datafield><datafield ind1=" " ind2=" " tag="260"><subfield code="a">Gulfport, Miss. :</subfield><subfield code="b">Dixie Press,</subfield><subfield code="c">1939-1971.</subfield></datafield><datafield ind1=" " ind2=" " tag="300"><subfield code="a">v.</subfield></datafield><datafield ind1=" " ind2=" " tag="310"><subfield code="a">Weekly</subfield></datafield><datafield ind1=" " ind2=" " tag="321"><subfield code="a">Monthly</subfield></datafield><datafield ind1="0" ind2=" " tag="362"><subfield code="a">Vol. 14, no. 18 (Jan. 20, 1939)-v. 47, no. 23 (Sept. 29, 1971).</subfield></datafield><datafield ind1=" " ind2=" " tag="500"><subfield code="a">Editor: Clayton Rand.</subfield></datafield><datafield ind1="1" ind2=" " tag="700"><subfield code="a">Rand, Clayton,</subfield><subfield code="d">1891-1971.</subfield></datafield><datafield ind1=" " ind2=" " tag="752"><subfield code="a">United States</subfield><subfield code="b">Mississippi</subfield><subfield code="c">Harrison</subfield><subfield code="d">Gulfport.</subfield></datafield><datafield ind1="0" ind2="0" tag="780"><subfield code="t">Mississippi guide</subfield><subfield code="w">(OCoLC)15193840</subfield></datafield><datafield ind1="0" ind2="7" tag="785"><subfield code="t">Owl (Long Beach, Miss.)</subfield><subfield code="w">(OCoLC)17388176</subfield></datafield><datafield ind1="0" ind2="7" tag="785"><subfield code="t">Owl and Dixie guide</subfield><subfield code="w">(OCoLC)15202283</subfield></datafield></record>